@article{combinatoricsdef,
	author = {Bose, Raj C. and Gr{\"u}nbaum, Branko},
	editor = {of Britannica, The Editors Encyclopaedia},
	howpublished = {Online},
	journal = {Brittanica},
	month = oct,
	title = {Combinatorics definition},
	year = {2022}
}
